@article{Sako00,
  author = "Yusaku Sako and Kikuo Fujimura",
  title = "Shape Similarity by Homotropic Deformation",
  journal = "The Visual Computer",
  volume = 16,
  number = 1,
  pages = "47--61",
  publisher = "Springer-Verlag",
  year = 2000,
}

@ARTICLE{Riemer,
   author = {{Riemer Grootjans}},
   title = {Reflections},
   note  = {\href{http://www.riemers.net/eng/Tutorials/XNA/Csharp/Series4/Reflection_map.php}{www.riemers.net}},
   journal = {Accessed: Feb 2015},
   volume = {},
   pages = {},
   year = {20011}
}

@ARTICLE{comparison,
   author = {{Christopher Mann}},
   title = {Game Physics EngineAnalysis and Development},
   journal = {Honours Dissertation, Games Development, Edinburgh Napier University},
   volume = {},
   pages = {},
   year = {2012}
}

@unpublished{spuspeed,
	title= {Insomniacâ€™s SPU Best Practices},
	author = {Mike Acton and Eric Christensen},
	year = {2008},
	note= {Game Developers Conference}
}

@unpublished{spuphys,
	title= {SPU Physics},
	author = {Erwin Coumans and Eric Christensen},
	year = {2008},
	note= {Game Developers Conference}
}
@unpublished{spushaders,
	title= {SPU Shaders},
	author = {Mike Acton},
	year = {2007},
	note= {Game Developers Conference}
}

@unpublished{spec,
	title= {Spec Ops: The Line},
	author = {{Yager Development}},
	year = {2012},
}
@unpublished{GuildWars,
	title= {Guild Wars},
	author = {{ArenaNet}},
	year = {2005},
}
@unpublished{Fallout3,
	title= {Fallout 3},
	author = {{Bethesda Game Studios}},
	year = {2008},
}
@unpublished{Witness,
	title= {The Witness},
	author = {{Thekla, Inc.}},
	year = {2015},
}